<record><leader>00000cas a2200000 a 4500</leader><controlfield tag="001">36482810</controlfield><controlfield tag="008">970304u19uuuuuumiuwr n       0    0eng c</controlfield><datafield ind1=" " ind2=" " tag="010"><subfield code="a">sn 97063259 </subfield></datafield><datafield ind1=" " ind2=" " tag="040"><subfield code="a">MHN</subfield><subfield code="b">eng</subfield><subfield code="c">MHN</subfield><subfield code="d">OCL</subfield><subfield code="d">OCLCQ</subfield><subfield code="d">OCLCF</subfield><subfield code="d">OCLCO</subfield></datafield><datafield ind1=" " ind2=" " tag="042"><subfield code="a">pcc</subfield></datafield><datafield ind1=" " ind2=" " tag="043"><subfield code="a">n-us-mi</subfield></datafield><datafield ind1="0" ind2="4" tag="245"><subfield code="a">The Almanian.</subfield></datafield><datafield ind1=" " ind2=" " tag="260"><subfield code="a">Alma, Mich. :</subfield><subfield code="b">Almanian Pub. Co.</subfield></datafield><datafield ind1=" " ind2=" " tag="300"><subfield code="a">v.</subfield></datafield><datafield ind1=" " ind2=" " tag="310"><subfield code="a">Weekly</subfield></datafield><datafield ind1=" " ind2=" " tag="321"><subfield code="a">Monthly,</subfield><subfield code="b">&lt;Oct. 1902&gt;-&lt;May 1907&gt;</subfield></datafield><datafield ind1=" " ind2=" " tag="500"><subfield code="a">Student publication of Alma College. Not published July-Aug. or over Christmas holidays.</subfield></datafield><datafield ind1=" " ind2=" " tag="500"><subfield code="a">Published as a monthly magazine, &lt;Oct. 1902-May 1907&gt;.</subfield></datafield><datafield ind1=" " ind2=" " tag="588"><subfield code="a">Description based on: Vol. 19, no. 2 (Sept. 29, 1925).</subfield></datafield><datafield ind1=" " ind2="0" tag="651"><subfield code="a">Alma (Mich.)</subfield><subfield code="v">Newspapers.</subfield></datafield><datafield ind1=" " ind2="0" tag="651"><subfield code="a">Gratiot County (Mich.)</subfield><subfield code="v">Newspapers.</subfield></datafield><datafield ind1=" " ind2="0" tag="651"><subfield code="a">Michigan</subfield><subfield code="v">Periodicals.</subfield></datafield><datafield ind1=" " ind2="7" tag="655"><subfield code="a">Newspapers.</subfield><subfield code="2">fast</subfield><subfield code="0">(OCoLC)fst01423814</subfield></datafield><datafield ind1=" " ind2="7" tag="655"><subfield code="a">Periodicals.</subfield><subfield code="2">fast</subfield><subfield code="0">(OCoLC)fst01411641</subfield></datafield><datafield ind1=" " ind2="7" tag="651"><subfield code="a">Michigan.</subfield><subfield code="2">fast</subfield><subfield code="0">(OCoLC)fst01208387</subfield></datafield><datafield ind1=" " ind2="7" tag="651"><subfield code="a">Michigan</subfield><subfield code="z">Alma.</subfield><subfield code="2">fast</subfield><subfield code="0">(OCoLC)fst01219903</subfield></datafield><datafield ind1=" " ind2="7" tag="651"><subfield code="a">Michigan</subfield><subfield code="z">Gratiot County.</subfield><subfield code="2">fast</subfield><subfield code="0">(OCoLC)fst01206847</subfield></datafield><datafield ind1="2" ind2=" " tag="710"><subfield code="a">Alma College.</subfield></datafield><datafield ind1=" " ind2=" " tag="752"><subfield code="a">United States</subfield><subfield code="b">Michigan</subfield><subfield code="c">Gratiot</subfield><subfield code="d">Alma.</subfield></datafield></record>